@inproceedings{hu2020strategies,
  title={Strategies for Pre-training Graph Neural Networks},
  author={Hu, Weihua and Liu, Bowen and Gomes, Joseph and Zitnik, Marinka and Liang, Percy and Pande, Vijay and Leskovec, Jure},
  booktitle={International Conference on Learning Representations},
  year={2020}
}

@inproceedings{you2020graph,
  title={Graph contrastive learning with augmentations},
  author={You, Yuning and Chen, Tianlong and Sui, Yongduo and Chen, Ting and Wang, Zhangyang and Shen, Yang},
  booktitle={Advances in neural information processing systems},
  volume={33},
  pages={5812--5823},
  year={2020}
}

@inproceedings{morris2020tudataset,
  title={Tudataset: A collection of benchmark datasets for learning with graphs},
  author={Morris, Christopher and Klicpera, Johannes and Fey, Matthias and Hamilton, William L and Lenssen, Jan Eric and Rattan, Gaurav and Grohe, Martin},
  booktitle={ICML 2020 Workshop on Graph Representation Learning and Beyond (GRL+)},
  year={2020}
}

@inproceedings{sen2008collective,
  title={Collective classification in network data},
  author={Sen, Prithviraj and Namata, Galileo and Bilgic, Mustafa and Getoor, Lise and Galligher, Brian and Eliassi-Rad, Tina},
  booktitle={AI magazine},
  volume={29},
  number={3},
  pages={93--93},
  year={2008}
}

@article{wu2022multi,
  title={Multi-task self-supervised graph neural networks enable stronger task generalization},
  author={Wu, Likang and Li, Zhi and Zhao, Hongke and Wang, Zhefeng and Huai, Baoxing and Yuan, Nicholas Jing},
  journal={arXiv preprint arXiv:2210.02016},
  year={2022}
}

@inproceedings{hu2020gptgnn,
    title={GPT-GNN: Generative Pre-training of Graph Neural Networks},
    author={Ziniu Hu and Yuxiao Dong and Kuansan Wang and Kai-Wei Chang and Yizhou Sun},
    booktitle={Proceedings of the 26th ACM SIGKDD International Conference on Knowledge Discovery \& Data Mining},
    year={2020}
}

@inproceedings{wang2022graphmvp,
  title={Graphmvp: A multi-view prototypical-based pre-training framework for graph neural networks},
  author={Wang, Keqiang and Wang, Jing and Li, Lin and Zhao, Wayne Xin and Gan, Quan and Li, Wei and He, Xiangnan and Wen, Ji-Rong},
  booktitle={Proceedings of the 28th ACM SIGKDD Conference on Knowledge Discovery and Data Mining},
  pages={1883--1893},
  year={2022}
} 