@article{zhou2020graph,
  title={Graph neural networks: A review of methods and applications},
  author={Zhou, Jie and Cui, Ganqu and Hu, Shengding and Zhang, Zhengyan and Yang, Cheng and Liu, Zhiyuan and Wang, Lifeng and Li, Changcheng and Sun, Maosong},
  journal={AI Open},
  volume={1},
  pages={57--81},
  year={2020}
}

@inproceedings{he2016deep,
  title={Deep residual learning for image recognition},
  author={He, Kaiming and Zhang, Xiangyu and Ren, Shaoqing and Sun, Jian},
  booktitle={Proceedings of the IEEE conference on computer vision and pattern recognition},
  pages={770--778},
  year={2016}
}

@article{devlin2019bert,
  title={BERT: Pre-training of Deep Bidirectional Transformers for Language Understanding},
  author={Devlin, Jacob and Chang, Ming-Wei and Lee, Kenton and Toutanova, Kristina},
  journal={arXiv preprint arXiv:1810.04805},
  year={2019}
}

@article{hu2019strategies,
  title={Strategies for pre-training graph neural networks},
  author={Hu, Weihua and Liu, Bowen and Gomes, Joseph and Zitnik, Marinka and Liang, Percy and Pande, Vijay and Leskovec, Jure},
  journal={arXiv preprint arXiv:1905.12265},
  year={2019}
}

@inproceedings{xu2019how,
  title={How powerful are graph neural networks?},
  author={Xu, Keyulu and Hu, Weihua and Leskovec, Jure and Jegelka, Stefanie},
  booktitle={International conference on learning representations},
  year={2019}
}

@inproceedings{yu2020pcgrad,
  title={Gradient surgery for multi-task learning},
  author={Yu, Tianhe and Kumar, Saurabh and Gupta, Abhishek and Levine, Sergey and Hausman, Karol and Finn, Chelsea},
  booktitle={Advances in neural information processing systems},
  volume={33},
  pages={5824--5836},
  year={2020}
}

@article{caruana1997multitask,
  title={Multitask learning},
  author={Caruana, Rich},
  journal={Machine learning},
  volume={28},
  number={1},
  pages={41--75},
  year={1997},
  publisher={Springer}
}

@article{pan2010survey,
  title={A survey on transfer learning},
  author={Pan, Sinno Jialin and Yang, Qiang},
  journal={IEEE Transactions on knowledge and data engineering},
  volume={22},
  number={10},
  pages={1345--1359},
  year={2010},
  publisher={IEEE}
}

@inproceedings{velickovic2019dgi,
  title={Deep graph infomax},
  author={Veli{\v{c}}kovi{\'c}, Petar and Fedus, William and Hamilton, William L and Li{\`o}, Pietro and Bengio, Yoshua and Hjelm, R Devon},
  booktitle={International Conference on Learning Representations},
  year={2019}
}

@inproceedings{sun2020infograph,
  title={Infograph: Unsupervised and semi-supervised graph-level representation learning via mutual information maximization},
  author={Sun, Fan-Yun and Hoffmann, Jordan and Verma, Vikas and Tang, Jian},
  booktitle={International conference on learning representations},
  year={2020}
}

@inproceedings{you2020graphcl,
  title={Graph contrastive learning with augmentations},
  author={You, Yuning and Chen, Tianlong and Sui, Yongduo and Chen, Ting and Wang, Zhangyang and Shen, Yang},
  booktitle={Advances in neural information processing systems},
  volume={33},
  pages={5812--5823},
  year={2020}
}

@inproceedings{qiu2020gcc,
  title={Gcc: Graph contrastive coding for graph neural network pre-training},
  author={Qiu, Jiezhong and Chen, Qibin and Dong, Yuxiao and Zhang, Jing and Yang, Hongxia and Ding, Ming and Wang, Kuansan and Tang, Jie},
  booktitle={Proceedings of the 26th ACM SIGKDD international conference on knowledge discovery \& data mining},
  pages={1150--1160},
  year={2020}
}

@article{rong2020grover,
  title={Self-supervised graph transformer on large-scale molecular data},
  author={Rong, Yu and Bian, Yatao and Xu, Tingyang and Xie, Weiyang and Wei, Ying and Huang, Wenbing and Huang, Junzhou},
  journal={Advances in Neural Information Processing Systems},
  volume={33},
  pages={12559--12571},
  year={2020}
}

@inproceedings{hou2022graphmae,
  title={GraphMAE: Self-Supervised Masked Graph Autoencoders},
  author={Hou, Zhenqin and Liu, Xiao and Cen, Yukuo and Dong, Yuxiao and Yang, Hongxia and Wang, Chunjie and Tang, Jie},
  booktitle={Proceedings of the 28th ACM SIGKDD Conference on Knowledge Discovery and Data Mining},
  pages={594--604},
  year={2022}
}

@article{liu2022graphmvp,
  title={Pre-training molecular graph representation with 3d geometry},
  author={Liu, Shengchao and Nie, Hanchen and Wang, Kaixiong and Tang, Jian and Xiao, Shuiwang and Tang, Jiliang},
  journal={arXiv preprint arXiv:2110.07728},
  year={2022}
}

@article{ganin2016dann,
  title={Domain-adversarial training of neural networks},
  author={Ganin, Yaroslav and Ustinova, Evgeniya and Ajakan, Hana and Germain, Pascal and Larochelle, Hugo and Laviolette, Fran{\c{c}}ois and Marchand, Mario and Lempitsky, Victor},
  journal={The journal of machine learning research},
  volume={17},
  pages={2096--2030},
  year={2016}
}

@inproceedings{kendall2018uncertainty,
  title={Multi-task learning using uncertainty to weigh losses for scene geometry and semantics},
  author={Kendall, Alex and Gal, Yarin and Cipolla, Roberto},
  booktitle={Proceedings of the IEEE conference on computer vision and pattern recognition},
  pages={7482--7491},
  year={2018}
}

@inproceedings{chen2018gradnorm,
  title={Gradnorm: Gradient normalization for adaptive loss balancing in deep multitask networks},
  author={Chen, Zhao and Badrinarayanan, Vijay and Lee, Chen-Yu and Rabinovich, Andrew},
  booktitle={International conference on machine learning},
  pages={794--803},
  year={2018}
}

@inproceedings{hamilton2017graphsage,
  title={Inductive representation learning on large graphs},
  author={Hamilton, Will and Ying, Zhitao and Leskovec, Jure},
  booktitle={Advances in neural information processing systems},
  pages={1024--1034},
  year={2017}
}

@inproceedings{velickovic2018gat,
  title={Graph attention networks},
  author={Veli{\v{c}}kovi{\'c}, Petar and Cucurull, Guillem and Casanova, Arantxa and Romero, Adriana and Li{\`o}, Pietro and Bengio, Yoshua},
  booktitle={International Conference on Learning Representations},
  year={2018}
}

@inproceedings{chen2020simple,
  title={A simple framework for contrastive learning of visual representations},
  author={Chen, Ting and Kornblith, Simon and Norouzi, Mohammad and Hinton, Geoffrey},
  booktitle={International conference on machine learning},
  pages={1597--1607},
  year={2020}
}

@article{xie2022self,
  title={Self-supervised learning of graph neural networks: A unified review},
  author={Xie, Yaochen and Xu, Zhao and Zhang, Jingtun and Wang, Zhengyang and Ji, Shuiwang},
  journal={IEEE transactions on pattern analysis and machine intelligence},
  volume={45},
  number={6},
  pages={6828--6847},
  year={2022},
  publisher={IEEE}
}

@article{liu2022graph,
  title={Graph self-supervised learning: a survey},
  author={Liu, Yixin and Yu, Shirui and Liang, Ming and Pan, Shirui and Dong, Ming and Jin, Chen and Yu, Philip S and Zhang, Chengqi},
  journal={IEEE Transactions on Knowledge and Data Engineering},
  volume={35},
  number={5},
  pages={5216--5233},
  year={2022},
  publisher={IEEE}
}

@inproceedings{sun2023all,
  title={All in one: Multi-task prompting for graph neural networks},
  author={Sun, Xiangguo and Cheng, Hong and Li, Jia and Liu, Bo and Guan, Jihong},
  booktitle={Proceedings of the 29th ACM SIGKDD Conference on Knowledge Discovery and Data Mining},
  pages={2120--2131},
  year={2023}
}

@inproceedings{xia2022simgrace,
  title={SimGRACE: A Simple Framework for Graph Contrastive Learning without Data Augmentation},
  author={Xia, Jun and Wu, Lirong and Chen, Jintao and Hu, Bozhen and Li, Stan Z},
  booktitle={Proceedings of the ACM Web Conference 2022},
  pages={1070--1079},
  year={2022}
}

@article{liben2007link,
  title={The link-prediction problem for social networks},
  author={Liben-Nowell, David and Kleinberg, Jon},
  journal={Journal of the American Society for Information Science and Technology},
  volume={58},
  number={7},
  pages={1019--1031},
  year={2007},
  publisher={Wiley Online Library}
}

% ========== DATASET CITATIONS ==========
@misc{tudataset,
  title={TU Dortmund University graph data collection},
  author={Morris, Christopher and Kriege, Nils M and Bause, Franka and Kersting, Kristian and Mutzel, Petra and Neumann, Marion},
  howpublished={\url{https://chrsmrrs.github.io/datasets/docs/datasets/}},
  year={2020}
}

@article{debnath1991structure,
  title={Structure-activity relationship of mutagenic aromatic and heteroaromatic nitro compounds. correlation with molecular orbital energies and hydrophobicity},
  author={Debnath, Asim Kumar and Lopez de Compadre, Rosa L and Debnath, Gargi and Shusterman, Alan J and Hansch, Corwin},
  journal={Journal of medicinal chemistry},
  volume={34},
  pages={786--797},
  year={1991},
  publisher={ACS Publications}
}

@article{borgwardt2005protein,
  title={Protein function prediction via graph kernels},
  author={Borgwardt, Karsten M and Ong, Cheng Soon and Sch{\"o}nauer, Stefan and Vishwanathan, SVN and Smola, Alex J and Kriegel, Hans-Peter},
  journal={Bioinformatics},
  volume={21},
  number={suppl\_1},
  pages={i47--i56},
  year={2005},
  publisher={Oxford University Press}
}

@inproceedings{wale2008comparison,
  title={Comparison of descriptor spaces for chemical compound retrieval and classification},
  author={Wale, Nikil and Watson, Ian A and Karypis, George},
  journal={Knowledge and Information Systems},
  volume={14},
  number={3},
  pages={347--375},
  year={2008},
  publisher={Springer}
}

@inproceedings{schomburg2004brenda,
  title={BRENDA, the enzyme database: updates and major new developments},
  author={Schomburg, Ida and Chang, Antje and Ebeling, Christian and Gremse, Marion and Heldt, Christian and Huhn, Gregor and Schomburg, Dietmar},
  journal={Nucleic acids research},
  volume={32},
  number={suppl\_1},
  pages={D431--D433},
  year={2004},
  publisher={Oxford University Press}
}

@inproceedings{helma2001predictive,
  title={Predictive models for carcinogenic potency},
  author={Helma, Christoph and Cramer, Tobias and Kramer, Stefan and De Raedt, Luc},
  booktitle={Proceedings of the 7th ACM SIGKDD international conference on Knowledge discovery and data mining},
  pages={489--494},
  year={2001}
}

@article{sen2008collective,
  title={Collective classification in network data},
  author={Sen, Prithviraj and Namata, Galileo and Bilgic, Mustafa and Getoor, Lise and Galligher, Brian and Eliassi-Rad, Tina},
  journal={AI magazine},
  volume={29},
  number={3},
  pages={93--106},
  year={2008}
}

% ========== STATISTICAL METHODS ==========
@article{cohen1988statistical,
  title={Statistical power analysis for the behavioral sciences},
  author={Cohen, Jacob},
  year={1988},
  publisher={Lawrence Erlbaum Associates},
  edition={2nd}
}

@article{benjamini1995controlling,
  title={Controlling the false discovery rate: a practical and powerful approach to multiple testing},
  author={Benjamini, Yoav and Hochberg, Yosef},
  journal={Journal of the Royal statistical society: series B (Methodological)},
  volume={57},
  number={1},
  pages={289--300},
  year={1995},
  publisher={Wiley Online Library}
}

@article{efron1979bootstrap,
  title={Bootstrap methods: another look at the jackknife},
  author={Efron, Bradley},
  journal={The annals of Statistics},
  pages={1--26},
  year={1979},
  publisher={JSTOR}
}

% ========== SOFTWARE AND FRAMEWORKS ==========
@incollection{paszke2019pytorch,
  title={PyTorch: An imperative style, high-performance deep learning library},
  author={Paszke, Adam and Gross, Sam and Massa, Francisco and Lerer, Adam and Bradbury, James and Chanan, Gregory and Killeen, Trevor and Lin, Zeming and Gimelshein, Natalia and Antiga, Luca and others},
  booktitle={Advances in neural information processing systems},
  volume={32},
  pages={8024--8035},
  year={2019},
  publisher={Curran Associates, Inc.}
}

@inproceedings{fey2019fast,
  title={Fast graph representation learning with PyTorch Geometric},
  author={Fey, Matthias and Lenssen, Jan Eric},
  booktitle={ICLR Workshop on Representation Learning on Graphs and Manifolds},
  year={2019}
}

@misc{nvidia2020cuda,
  title={CUDA toolkit documentation},
  author={{NVIDIA Corporation}},
  year={2020},
  howpublished={\url{https://docs.nvidia.com/cuda/}}
}

@misc{aws2023pricing,
  title={Amazon EC2 pricing},
  author={{Amazon Web Services}},
  year={2023},
  howpublished={\url{https://aws.amazon.com/ec2/pricing/}}
}

% ========== ADDITIONAL METHODOLOGICAL REFERENCES ==========
@article{he2015delving,
  title={Delving deep into rectifiers: Surpassing human-level performance on imagenet classification},
  author={He, Kaiming and Zhang, Xiangyu and Ren, Shaoqing and Sun, Jian},
  booktitle={Proceedings of the IEEE international conference on computer vision},
  pages={1026--1034},
  year={2015}
}

@article{ioffe2015batch,
  title={Batch normalization: Accelerating deep network training by reducing internal covariate shift},
  author={Ioffe, Sergey and Szegedy, Christian},
  journal={International conference on machine learning},
  pages={448--456},
  year={2015}
}

@article{srivastava2014dropout,
  title={Dropout: a simple way to prevent neural networks from overfitting},
  author={Srivastava, Nitish and Hinton, Geoffrey and Krizhevsky, Alex and Sutskever, Ilya and Salakhutdinov, Ruslan},
  journal={The journal of machine learning research},
  volume={15},
  number={1},
  pages={1929--1958},
  year={2014}
}

@article{kingma2014adam,
  title={Adam: A method for stochastic optimization},
  author={Kingma, Diederik P and Ba, Jimmy},
  journal={arXiv preprint arXiv:1412.6980},
  year={2014}
}

@inproceedings{pascanu2013difficulty,
  title={On the difficulty of training recurrent neural networks},
  author={Pascanu, Razvan and Mikolov, Tomas and Bengio, Yoshua},
  booktitle={International conference on machine learning},
  pages={1310--1318},
  year={2013}
}

@article{newman2003structure,
  title={The structure and function of complex networks},
  author={Newman, Mark EJ},
  journal={SIAM review},
  volume={45},
  number={2},
  pages={167--256},
  year={2003},
  publisher={SIAM}
}